@INPROCEEDINGS{Turnbull08fiveapproaches,
    author = {Douglas Turnbull and Luke Barrington and Gert Lanckriet},
    title = {Five Approaches to Collecting Tags for Music},
    booktitle = {In Proceedings of the 9th International Conference of Music Information Retrieval},
    year = {2008},
    pages = {225--230}
}

@INPROCEEDINGS{Tim05dynamicplaylist,
    author = {Elias Pampalk Tim and Tim Pohle and Gerhard Widmer},
    title = {Dynamic Playlist Generation Based On Skipping Behavior},
    booktitle = {Proc. of the 6th ISMIR Conference},
    year = {2005},
    pages = {634--637}
}

@INPROCEEDINGS{Logan04musicrecommendation,
    author = {Beth Logan},
    title = {Music recommendation from song sets},
    booktitle = {In Proc ISMIR},
    year = {2004},
    pages = {425--428}
}

@MISC{msd,
  title = {{Million Song Dataset, official website by Thierry Bertin-Mahieux, available at}},
  howpublished = "\url{http://labrosa.ee.columbia.edu/millionsong/}"
}

@MiSC{lastfm,
title = {{Last.fm Web Services, available at}},
howpublished = "\url{http://www.last.fm/api}"
}

@MISC{lastFmDataset,
title = {{The Last.fm Dataset, available at}},
howpublished = "\url{http://labrosa.ee.columbia.edu/millionsong/lastfm}"
}

@MISC{spotify,
title = {{Spotify application, available at}},
howpublished = "\url{https://www.spotify.com}"
}

@MISC{spotifyApi,
title = {{Spotify Web API , available at}},
howpublished = "\url{https://developer.spotify.com/web-api/}"
}